<record><leader>00000cas a2200000 a 4500</leader><controlfield tag="001">13518930</controlfield><controlfield tag="008">860502d18761890tnuwr ne      0    0eng  </controlfield><datafield ind1=" " ind2=" " tag="010"><subfield code="a">sn 86071433 </subfield></datafield><datafield ind1=" " ind2=" " tag="040"><subfield code="a">DLC</subfield><subfield code="b">eng</subfield><subfield code="c">DLC</subfield><subfield code="d">NPX</subfield><subfield code="d">KNP</subfield><subfield code="d">MQN</subfield><subfield code="d">KNP</subfield><subfield code="d">TGN</subfield><subfield code="d">OCL</subfield><subfield code="d">OCLCQ</subfield><subfield code="d">OCLCF</subfield><subfield code="d">OCLCO</subfield></datafield><datafield ind1=" " ind2=" " tag="042"><subfield code="a">msc</subfield></datafield><datafield ind1=" " ind2=" " tag="043"><subfield code="a">n-us-tn</subfield></datafield><datafield ind1="0" ind2="0" tag="050"><subfield code="a">Newspaper 9793-X</subfield></datafield><datafield ind1="0" ind2=" " tag="130"><subfield code="a">Monroe democrat (Sweetwater, Tenn.)</subfield></datafield><datafield ind1="1" ind2="4" tag="245"><subfield code="a">The Monroe democrat.</subfield></datafield><datafield ind1=" " ind2=" " tag="260"><subfield code="a">Sweetwater, Tenn. :</subfield><subfield code="b">J.H. Bean</subfield></datafield><datafield ind1=" " ind2=" " tag="300"><subfield code="a">v. ;</subfield><subfield code="c">55 cm.</subfield></datafield><datafield ind1=" " ind2=" " tag="310"><subfield code="a">Weekly</subfield></datafield><datafield ind1="1" ind2=" " tag="362"><subfield code="a">Began in 1876; ceased in 1890.</subfield><subfield code="z">Cf. NIM.</subfield></datafield><datafield ind1=" " ind2=" " tag="500"><subfield code="a">Publishers: J.H. Bean, &lt;1878-1879&gt;; D.B. Grace, &lt;1880-1882&gt;; W.B. Lenoir, &lt;1889-1890&gt;</subfield></datafield><datafield ind1=" " ind2=" " tag="530"><subfield code="a">Available on microfilm from Tennessee State Library and Archives.</subfield></datafield><datafield ind1=" " ind2=" " tag="580"><subfield code="a">Continues: Sweetwater enterprise (Sweetwater, Tenn. : 1876) Cf. Sands, S.G.C. Hist. of Monroe Co., Tenn.</subfield></datafield><datafield ind1=" " ind2=" " tag="580"><subfield code="a">Merged with: Weekly news (Sweetwater, Tenn.), to form: Democrat-news (Sweetwater, Tenn.).</subfield></datafield><datafield ind1=" " ind2=" " tag="588"><subfield code="a">Description based on: New ser., vol. 2, no. 94 (Sept. 26, 1878).</subfield></datafield><datafield ind1=" " ind2="0" tag="651"><subfield code="a">Sweetwater (Tenn.)</subfield><subfield code="v">Newspapers.</subfield></datafield><datafield ind1=" " ind2="0" tag="651"><subfield code="a">Monroe County (Tenn.)</subfield><subfield code="v">Newspapers.</subfield></datafield><datafield ind1=" " ind2="7" tag="655"><subfield code="a">Newspapers.</subfield><subfield code="2">fast</subfield><subfield code="0">(OCoLC)fst01423814</subfield></datafield><datafield ind1=" " ind2="7" tag="651"><subfield code="a">Tennessee</subfield><subfield code="z">Monroe County.</subfield><subfield code="2">fast</subfield><subfield code="0">(OCoLC)fst01208171</subfield></datafield><datafield ind1=" " ind2="7" tag="651"><subfield code="a">Tennessee</subfield><subfield code="z">Sweetwater.</subfield><subfield code="2">fast</subfield><subfield code="0">(OCoLC)fst01226843</subfield></datafield><datafield ind1=" " ind2=" " tag="752"><subfield code="a">United States</subfield><subfield code="b">Tennessee</subfield><subfield code="c">Monroe</subfield><subfield code="d">Sweetwater.</subfield></datafield><datafield ind1="1" ind2="0" tag="780"><subfield code="t">Sweetwater enterprise (Sweetwater, Tenn. : 1876)</subfield><subfield code="w">(DLC)sn 86053581</subfield></datafield><datafield ind1="1" ind2="7" tag="785"><subfield code="t">Weekly news (Sweetwater, Tenn.)</subfield><subfield code="w">(DLC)sn 89058300</subfield></datafield><datafield ind1="1" ind2="7" tag="785"><subfield code="t">Democrat-news (Sweetwater, Tenn.)</subfield><subfield code="w">(DLC)sn 89058298</subfield></datafield></record>